
@Article{Mondragon:13,
	author = {Oscar Mondragon, and Patrick Bridges},
	title = {Emulation of Large Scale High Performance Systems through VMMs},
	year  ={2013},
	journal = {9th Annual UNM Computer Science Symposium}
}

@Article{Dall:78,
	author = {Sudarshan Dall, and C.L. Liu},
	title = {On a Real Time Scheduling Problem},
	year  ={1978},
	journal = {Operation Research}
}

@Article{Lopez:04,
	author = {Jose Lopez, Jose Diaz, and Daniel Garcia},
	title = {Minimum and Maximum Utilization Bounds for Multiprocessor Rate Monotonic Scheduling},
	year  ={2004},
	journal = {IEEE Trans. on Parallel and Distributed Systems}
}

@Article{Zapata:05,
	author = {Omar Pereira, and Pedro Mejia},
	title = {EDF and RM multiprocessor scheduling algorithms: Survey and performance evaluation},
	year  ={2005},
	journal = {Queue}
}

@Article{Gupta:06,
	author = {Diwaker Gupta, Kennet Yocum, and Marvin MacNett},
	title = {To infinity and beyond: Time-warped emulation. Proceedings of the 3rd USENIX Symposium network on Networked System Design and
Implementation},
	year  ={2006},
	journal = {3rd USENIX Symposium network on Networked System Design}
}

@Article{Chung:73,
	author = {Chung Laung Liu and James W. Layland},
	title = {Scheduling algorithms for multiprogramming in a hard real-time environment},
	year  ={1973},
	journal = {Journal of the ACM}
}


@book{flake:00,
    author    = "Gary William Flake",
    title     = "The Computational Beauty of Nature: Computer Explorations of Fractals, Chaos, Complex Systems, and Adaptation",
    year      = "2000",
    publisher = "A Bradford Book",
}

@book{mitchel:11,
    author    = " Melanie Mitchel",
    title     = "Complexity: A Guided Tour",
    year      = "2011",
    publisher = "Oxford University Press",

}

@book{bruce:84,
    author    = "Bruce G. Buchanan and Edward H. Shortliffe",
    title     = "Rule-Based Expert Systems. The MYCIN Experiments of the Stanford Heuristic Programming Project",
    year      = "1984",
    publisher = "Addison-Wesley",
    address   = "Boston"
}


@book{luger:09,
    author    = "George F. Luger",
    title     = " Artificial Intelligence: Structures and Strategies for Complex Problem Solving, 6th edition",
    year      = "2009",
    publisher = "Addison-Wesley Pearson Education",
    address   = "Boston"
}

@BOOK{Prodigy:05,
   author = {Ian Nicholas Purves and Sharon Smart},
   title={Prodigy Knowledge: Practical, Reliable, Evidence-based Guidance},
   publisher = TSO,
   year = 2005
   }

@Article{Leong:87,
	author = {Tze-Yun Leong},
	title = {Murmur Clinic: A Diagnostic Expert System for Auscultation},
	year  ={1987},
	journal = {Proceedings of the anual Symposium on Computer Applications in Medical Care}
}


@Misc{Perfex:12,
	author = {},
	title  ={PERFEX:  AN EXPERT SYSTEM FOR  INTERPRETING 3D MYOCARDIAL PERFUSION},
	year = {Last accesed 04/25/2012},
	howpublished = {http://smartech.gatech.edu/xmlui/bitstream/handle/1853/3661/92-06.pdf?sequence=1}

}

@Misc{matlab:13,
	author = {Matlab},
	title  ={Using FFT},
	year = {Last accessed 01/31/2013},
	howpublished = { \url{http://www.mathworks.com/products/matlab/examples.html?file=/products/demos/shipping/matlab/sunspots.html}}

}


@Misc{round:13,
	author = {Matlab},
	title  ={Decimal Precision},
	year = {Last accessed 01/31/2013},
	howpublished = { \url{http://www.mathworks.com/matlabcentral/newsreader/view_thread/169196}}

}


@Misc{Mandarax:12,
	author = {},
	title  ={The Mandarax Project},
	year = {Last accesed 04/25/2012},
	howpublished = {http://mandarax.sourceforge.net/}

}


@Misc{Oryx:12,
	author = {},
	title  ={Oryx},
	year = {Last accesed 04/25/2012},
	howpublished = {http://sourceforge.net/projects/oryx/}

}


@Misc{Mondragon:04,
	author = {Oscar H. Mondragon and Jose M. Ordonez},
	title  ={Monografia Proyecto de Grado: Diseno e Implementacion de un Sistema Experto para el Control de la Tuberculosis},
	year = {2004},
	school = {University of Cauca, Popayan, Colombia}
}


@Misc{EpiInfo:12,
	author = {},
	title  ={Epi Info},
	year = {Last accesed 04/25/2012},
	howpublished = {http://wwwn.cdc.gov/epiinfo/}

}


@Misc{Chamaleon:12,
	author = {},
	title  ={The Chamaleon Project},
	year = {Last accesed 04/25/2012},
	howpublished = {http://chameleon-dss.sourceforge.net/}
}

